@article{khaneja2005optimal,
  title={Optimal control of coupled spin dynamics: design of NMR pulse sequences by gradient ascent algorithms},
  author={Khaneja, Navin and Reiss, Timo and Kehlet, Cindie and Schulte-Herbr{\"u}ggen, Thomas and Glaser, Steffen J},
  journal={Journal of magnetic resonance},
  volume={172},
  number={2},
  pages={296--305},
  year={2005},
  publisher={Elsevier}
}

@article{de2011second,
  title={Second order gradient ascent pulse engineering},
  author={De Fouquieres, P and Schirmer, SG and Glaser, SJ and Kuprov, Ilya},
  journal={Journal of Magnetic Resonance},
  volume={212},
  number={2},
  pages={412--417},
  year={2011},
  publisher={Elsevier}
}

@article{doria2011optimal,
  title={Optimal control technique for many-body quantum dynamics},
  author={Doria, Patrick and Calarco, Tommaso and Montangero, Simone},
  journal={Physical review letters},
  volume={106},
  number={19},
  pages={190501},
  year={2011},
  publisher={APS}
}

@article{van2016optimal,
  title={Optimal control of complex atomic quantum systems},
  author={Van Frank, S and Bonneau, M and Schmiedmayer, J and Hild, Sebastian and Gross, Christian and Cheneau, Marc and Bloch, Immanuel and Pichler, T and Negretti, A and Calarco, T and others},
  journal={Scientific reports},
  volume={6},
  pages={34187},
  year={2016},
  publisher={Nature Publishing Group}
}